@article{bercu2008exponential,
  title={Exponential inequalities for self-normalized martingales with applications},
  author={Bercu, Bernard and Touati, Abderrahmen and others},
  journal={The Annals of Applied Probability},
  volume={18},
  number={5},
  pages={1848--1869},
  year={2008},
  publisher={Institute of Mathematical Statistics}
}

@inproceedings{contal2014gaussian,
  author={Emile Contal and Vianney Perchet and Nicolas Vayatis},
  title={{G}aussian Process Optimization with Mutual Information},
  booktitle={31th International Conference on Machine Learning},
  year={2014}
}

@article{tenenbaum2000global,
  title={A global geometric framework for nonlinear dimensionality reduction},
  author={Tenenbaum, Joshua B and De Silva, Vin and Langford, John C},
  journal={Science},
  volume={290},
  number={5500},
  pages={2319--2323},
  year={2000},
  publisher={American Association for the Advancement of Science}
}

@inproceedings{ma_2013,
    Year = {2013},
    Booktitle = {NIPS},
    Author = { Yifei Ma and Roman Garnett and Jeff Schneider },
    Title = {{$\Sigma$}-Optimality in Active Learning on {G}aussian Random Fields}
}


@inproceedings{martin2011openord,
  title={OpenOrd: an open-source toolbox for large graph layout},
  author={Martin, Shawn and Brown, W Michael and Klavans, Richard and Boyack, Kevin W},
  booktitle={IS\&T/SPIE Electronic Imaging},
  pages={786806--786806},
  year={2011},
  organization={International Society for Optics and Photonics}
}

@article{nemhauser1978analysis,
  title={An analysis of approximations for maximizing submodular set functionsâ€”I},
  author={Nemhauser, George L and Wolsey, Laurence A and Fisher, Marshall L},
  journal={Mathematical Programming},
  volume={14},
  number={1},
  pages={265--294},
  year={1978},
  publisher={Springer}
}

@book{spectral_graph_theory,
  title={Spectral graph theory},
  author={Chung, Fan RK},
  volume={92},
  year={1997},
  publisher={American Mathematical Society}
}
@techreport{label_propagation,
  title={Learning from labeled and unlabeled data with label propagation},
  author={Zhu, Xiaojin and Ghahramani, Zoubin},
  year={2002},
  institution={Technical Report CMU-CALD-02-107, Carnegie Mellon University}
}
@book{gpml,
  title={Gaussian processes for machine learning},
  author={Rasmussen, Carl Edward and Williams, Christopher KI},
  volume={1},
  year={2006},
  publisher={MIT press Cambridge, MA}
}

@inproceedings{GRF,
  title={Semi-supervised learning using gaussian fields and harmonic functions},
  author={Zhu, Xiaojin and Ghahramani, Zoubin and Lafferty, John},
  booktitle={ICML},
  volume={20},
  number={2},
  pages={912},
  year={2003}
}

@INPROCEEDINGS{grf,
    author = {Xiaojin Zhu and John Lafferty and Zoubin Ghahramani},
    title = {Combining Active Learning and Semi-Supervised Learning Using {G}aussian Fields and Harmonic Functions},
    booktitle = {ICML 2003 workshop on The Continuum from Labeled to Unlabeled Data in Machine Learning and Data Mining},
    year = {2003},
    pages = {58--65}
}

@article{ep,
  title={Assessing approximate inference for binary {G}aussian process classification},
  author={Kuss, Malte and Rasmussen, Carl Edward},
  journal={The Journal of Machine Learning Research},
  volume={6},
  pages={1679--1704},
  year={2005},
  publisher={JMLR. org}
}
@article{ALsurvey,
  title={Active learning literature survey},
  author={Settles, Burr},
  journal={University of Wisconsin, Madison},
  year={2010}
}
@inproceedings{mingji,
  title={A Variance Minimization Criterion to Active Learning on Graphs},
  author={Ji, Ming and Han, Jiawei},
  year={2012},
  booktitle={AISTAT}
}
@inproceedings{absorption,
  title={Learning with Partially Absorbing Random Walks},
  author={Wu, Xiao-Ming and Li, Zhenguo and So, Anthony Man-Cho and Wright, John and Chang, Shih-Fu},
  booktitle={Advances in Neural Information Processing Systems 25},
  pages={3086--3094},
  year={2012}
}
@article{MIG,
  Author = {Andreas Krause and Ajit Singh and Carlos Guestrin},
  Journal = {Journal of Machine Learning Research (JMLR)},
  Month = {February},
  Pages = {235-284},
  Title = {Near-Optimal Sensor Placements in {G}aussian Processes: Theory, Efficient Algorithms and Empirical Studies},
  Volume = {9},
  Year = {2008},
  journal={Journal of Machine Learning Research},
  publisher={MIT}
}
@article{spectral_submod,
  title={Submodular spectral functions of principal submatrices of a hermitian matrix, extensions and applications},
  author={Friedland, S and Gaubert, S},
  journal={Linear Algebra and its Applications},
  year={2011},
  publisher={Elsevier}
}
@inproceedings{das2008,
  title={Algorithms for subset selection in linear regression},
  author={Das, Abhimanyu and Kempe, David},
  booktitle={Proceedings of the 40th annual ACM symposium on Theory of computing},
  pages={45--54},
  year={2008},
  organization={ACM}
}
@article{suppressor,
  title={Suppressor variable (s) importance within a regression model: an example of salary compression from career services},
  author={Walker, David A},
  journal={Journal of College Student Development},
  volume={44},
  number={1},
  pages={127--133},
  year={2003},
  publisher={The Johns Hopkins University Press}
}
@inproceedings{Roman,
  author    = {Roman Garnett and Yamuna Krishnamurthy and Xuehan Xiong and Jeff Schneider and Richard Mann},
  title     = {Bayesian Optimal Active Search and Surveying},
  booktitle = {ICML},
  year      = {2012},
}
@inproceedings{submod,
  author    = {Matthew J. Streeter and
               Daniel Golovin},
  title     = {An Online Algorithm for Maximizing Submodular Functions},
  booktitle = {NIPS},
  year      = {2008},
  pages     = {1577-1584},
}

@article{srinivas2012information,
  title={Information-theoretic regret bounds for gaussian process optimization in the bandit setting},
  author={Srinivas, Niranjan and Krause, Andreas and Kakade, Sham M and Seeger, Matthias},
  journal={Information Theory, IEEE Transactions on},
  volume={58},
  number={5},
  pages={3250--3265},
  year={2012},
  publisher={IEEE}
}

@inproceedings{valko2014spectral,
  title={Spectral Bandits for Smooth Graph Functions},
  author={Valko, Michal and Munos, R{\'e}mi and Kveton, Branislav and Koc{\'a}k, Tom{\'a}{\v{s}}},
  booktitle={31th International Conference on Machine Learning},
  year={2014}
}

@inproceedings{wang2013active,
  title={Active search on graphs},
  author={Wang, Xuezhi and Garnett, Roman and Schneider, Jeff},
  booktitle={Proceedings of the 19th ACM SIGKDD international conference on Knowledge discovery and data mining},
  pages={731--738},
  year={2013},
  organization={ACM}
}

@inproceedings{vanchinathanadaptively,
  title = {Adaptively Selecting Valuable Diverse Sets via {G}aussian Processes and Submodularity},
  author = {Vanchinathan, Hastagiri P and Marfurt, Andreas and Robelin, Charles-Antoine and Kossmann, Donald and Krause, Andreas},
  booktitle = {NIPS Workshop on Discrete and Combinatorial Problems in Machine Learning (DISCML) 2013: Theory and Applications},
  year = {2013}
}
@inproceedings{contal2014gaussian,
  title={{G}aussian Process Optimization with Mutual Information},
  author={Contal, Emile and Perchet, Vianney and Vayatis, Nicolas},
  booktitle={Proceedings of the 31st International Conference on Machine Learning (ICML-14)},
  pages={253--261},
  year={2014}
}

@incollection{robbins1985some,
  title={Some aspects of the sequential design of experiments},
  author={Robbins, Herbert},
  booktitle={Herbert Robbins Selected Papers},
  pages={169--177},
  year={1985},
  publisher={Springer}
}

@inproceedings{dani2008stochastic,
  title={Stochastic Linear Optimization under Bandit Feedback.},
  author={Dani, Varsha and Hayes, Thomas P and Kakade, Sham M},
  booktitle={COLT},
  pages={355--366},
  year={2008}
}

@inproceedings{kleinberg2008multi,
  title={Multi-armed bandits in metric spaces},
  author={Kleinberg, Robert and Slivkins, Aleksandrs and Upfal, Eli},
  booktitle={Proceedings of the fortieth annual ACM symposium on Theory of computing},
  pages={681--690},
  year={2008},
  organization={ACM}
}

@inproceedings{bubeck2009online,
  title={Online optimization in {X}-armed bandits},
  author={Bubeck, S{\'e}bastien and Stoltz, Gilles and Szepesv{\'a}ri, Csaba and Munos, R{\'e}mi},
  booktitle={Advances in Neural Information Processing Systems},
  pages={201--208},
  year={2009}
}

@inproceedings{belkin2001laplacian,
  title={Laplacian eigenmaps and spectral techniques for embedding and clustering.},
  author={Belkin, Mikhail and Niyogi, Partha},
  booktitle={NIPS},
  volume={14},
  pages={585--591},
  year={2001}
}

@article{tenenbaum2000global,
  title={A global geometric framework for nonlinear dimensionality reduction},
  author={Tenenbaum, Joshua B and De Silva, Vin and Langford, John C},
  journal={Science},
  volume={290},
  number={5500},
  pages={2319--2323},
  year={2000},
  publisher={American Association for the Advancement of Science}
}

@article{settles2010active,
  title={Active learning literature survey},
  author={Settles, Burr},
  journal={University of Wisconsin, Madison},
  volume={52},
  number={55-66},
  pages={11},
  year={2010}
}

@inproceedings{zhu2003semi,
  title={Semi-supervised learning using gaussian fields and harmonic functions},
  author={Zhu, Xiaojin and Ghahramani, Zoubin and Lafferty, John and others},
  booktitle={ICML},
  volume={3},
  pages={912--919},
  year={2003}
}

@inproceedings{zhu2003combining,
  title={Combining active learning and semi-supervised learning using gaussian fields and harmonic functions},
  author={Zhu, Xiaojin and Lafferty, John and Ghahramani, Zoubin},
  booktitle={ICML 2003 workshop on the continuum from labeled to unlabeled data in machine learning and data mining},
  pages={58--65},
  year={2003}
}

@article{cox1997sdo,
  title={SDO: A statistical method for global optimization},
  author={Cox, Dennis D and John, Susan},
  journal={Multidisciplinary design optimization: state of the art},
  pages={315--329},
  year={1997},
  publisher={SIAM, Philadelphia}
}

@article{auer2003using,
  title={Using confidence bounds for exploitation-exploration trade-offs},
  author={Auer, Peter},
  journal={The Journal of Machine Learning Research},
  volume={3},
  pages={397--422},
  year={2003},
  publisher={JMLR. org}
}

@misc{enron,
  title={Scan Statistics on {E}nron Graphs},
  author={Priebe, Carey E. and Conroy, John M. and Marchette, David J. and Park, Youngser},
  url={http://cis.jhu.edu/~parky/Enron/enron.html}
}

@misc{enron_topics,
  title={The 2001 Annotated (by topic) {E}nron Email Data set},
  author={Berry, Michael W. and Browne, Murray},
  url={http://cis.jhu.edu/~parky/Enron/Anno_Topic_exp_LDC.pdf}
}
